<record><leader>00000cas a22000007a 4500</leader><controlfield tag="001">16717098</controlfield><controlfield tag="007">hd afu---baca</controlfield><controlfield tag="008">870918d19uu19uuctudr n a     0   c0rusod</controlfield><datafield ind1=" " ind2=" " tag="010"><subfield code="a">sn 87044209 </subfield></datafield><datafield ind1=" " ind2=" " tag="040"><subfield code="a">HLS</subfield><subfield code="b">eng</subfield><subfield code="c">HLS</subfield><subfield code="d">HUL</subfield><subfield code="d">OCLCQ</subfield><subfield code="d">OKU</subfield><subfield code="d">OCLCQ</subfield><subfield code="d">OCLCO</subfield><subfield code="d">OCLCQ</subfield></datafield><datafield ind1=" " ind2=" " tag="012"><subfield code="i">8709</subfield></datafield><datafield ind1=" " ind2=" " tag="042"><subfield code="a">msc</subfield></datafield><datafield ind1=" " ind2=" " tag="043"><subfield code="a">e-ru---</subfield></datafield><datafield ind1="0" ind2="0" tag="245"><subfield code="a">Rabochii&#774; krai&#774; :</subfield><subfield code="b">organ Iv.-Vozn. gub. i gor. sovetov rab., Krasnoarm. i Kr. dep., Gubkoma RKP i Gubprofsoveta.</subfield></datafield><datafield ind1=" " ind2=" " tag="260"><subfield code="a">Ivanovo-Voznesensk :</subfield><subfield code="b">Sovety</subfield></datafield><datafield ind1=" " ind2=" " tag="300"><subfield code="a">volumes</subfield></datafield><datafield ind1=" " ind2=" " tag="310"><subfield code="a">Daily</subfield></datafield><datafield ind1=" " ind2=" " tag="336"><subfield code="a">text</subfield><subfield code="b">txt</subfield><subfield code="2">rdacontent</subfield></datafield><datafield ind1=" " ind2=" " tag="337"><subfield code="a">microform</subfield><subfield code="b">h</subfield><subfield code="2">rdamedia</subfield></datafield><datafield ind1=" " ind2=" " tag="338"><subfield code="a">microfilm reel</subfield><subfield code="b">hd</subfield><subfield code="2">rdacarrier</subfield></datafield><datafield ind1=" " ind2=" " tag="588"><subfield code="a">Description based on: 1924, no. 1 (1 i&#65056;a&#65057;nv. 1924).</subfield></datafield><datafield ind1=" " ind2=" " tag="533"><subfield code="a">Microfilm.</subfield><subfield code="b">Woodbridge, Conn. :</subfield><subfield code="c">Research Publications, Inc.,</subfield><subfield code="d">1985.</subfield><subfield code="e">3 microfilm reels ; 35 mm.</subfield><subfield code="f">(Newspapers from the Russian revolutionary era ; unit 4).</subfield></datafield><datafield ind1=" " ind2="0" tag="651"><subfield code="a">Ivanovo-Vozesensk (R.S.F.S.R.)</subfield><subfield code="v">Newspapers.</subfield></datafield><datafield ind1="2" ind2=" " tag="710"><subfield code="a">Ivanovo-Voznesenskii&#774; gubernskii&#774; sovet rabochikh.</subfield></datafield><datafield ind1=" " ind2="0" tag="830"><subfield code="a">Newspapers from the Russian revolutionary era ;</subfield><subfield code="v">unit 4.</subfield></datafield><datafield ind1=" " ind2=" " tag="850"><subfield code="a">MH</subfield></datafield><datafield ind1="1" ind2=" " tag="029"><subfield code="a">AU@</subfield><subfield code="b">000025808995</subfield></datafield></record>